{
  "company_info": {
    "symbol": "META",
    "name": "Meta Platforms Inc.",
    "cik": "1326801",
    "exchange": "NASDAQ",
    "sector": "TECHNOLOGY",
    "industry": "SERVICES-COMPUTER PROGRAMMING, DATA PROCESSING, ETC.",
    "fiscal_year_end": "December",
    "country": "USA",
    "market_cap": "1972607648000"
  },
  "annual": {
    "2024": {
      "profitability": {
        "Revenue": 164501000000.0,
        "GrossProfit": 134340000000.0,
        "OperatingIncome": 69380000000.0,
        "NetIncome": 62360000000.0
      },
      "balance_sheet": {
        "CashAndEquivalents": 43889000000.0,
        "TotalAssets": 276054000000.0,
        "TotalLiabilities": 93417000000.0,
        "ShareholdersEquity": 182637000000.0,
        "LongTermDebt": 28826000000.0,
        "CurrentAssets": 100045000000.0,
        "CurrentLiabilities": 33596000000.0
      },
      "cash_flow": {
        "OperatingCashFlow": 91328000000.0,
        "CapEx": 37256000000.0,
        "FreeCashFlow": 54072000000.0,
        "EarningsQuality": 1.46
      }
    },
    "2023": {
      "profitability": {
        "Revenue": 134902000000.0,
        "GrossProfit": 108943000000.0,
        "OperatingIncome": 46751000000.0,
        "NetIncome": 39098000000.0
      },
      "balance_sheet": {
        "CashAndEquivalents": 41862000000.0,
        "TotalAssets": 229623000000.0,
        "TotalLiabilities": 76455000000.0,
        "ShareholdersEquity": 153168000000.0,
        "LongTermDebt": 18385000000.0,
        "CurrentAssets": 85365000000.0,
        "CurrentLiabilities": 31960000000.0
      },
      "cash_flow": {
        "OperatingCashFlow": 71113000000.0,
        "CapEx": 27266000000.0,
        "FreeCashFlow": 43847000000.0,
        "EarningsQuality": 1.82
      }
    }
  },
  "quarterly": {
    "2025-06-30": {
      "profitability": {
        "Revenue": 47516000000.0,
        "GrossProfit": 39025000000.0,
        "OperatingIncome": 20441000000.0,
        "NetIncome": 18337000000.0
      },
      "balance_sheet": {
        "CashAndEquivalents": 12005000000.0,
        "TotalAssets": 294744000000.0,
        "TotalLiabilities": 99674000000.0,
        "ShareholdersEquity": 195070000000.0,
        "LongTermDebt": 28832000000.0,
        "CurrentAssets": 73613000000.0,
        "CurrentLiabilities": 37305000000.0
      },
      "cash_flow": {
        "OperatingCashFlow": 25561000000.0,
        "CapEx": 16538000000.0,
        "FreeCashFlow": 9023000000.0,
        "EarningsQuality": 1.39
      }
    },
    "2025-03-31": {
      "profitability": {
        "Revenue": 42314000000.0,
        "GrossProfit": 34742000000.0,
        "OperatingIncome": 17555000000.0,
        "NetIncome": 16644000000.0
      },
      "balance_sheet": {
        "CashAndEquivalents": 28750000000.0,
        "TotalAssets": 280213000000.0,
        "TotalLiabilities": 95184000000.0,
        "ShareholdersEquity": 185029000000.0,
        "LongTermDebt": 28829000000.0,
        "CurrentAssets": 90227000000.0,
        "CurrentLiabilities": 33890000000.0
      },
      "cash_flow": {
        "OperatingCashFlow": 24026000000.0,
        "CapEx": 12941000000.0,
        "FreeCashFlow": 11085000000.0,
        "EarningsQuality": 1.44
      }
    },
    "2024-12-31": {
      "profitability": {
        "Revenue": 48385000000.0,
        "GrossProfit": 39546000000.0,
        "OperatingIncome": 23364000000.0,
        "NetIncome": 20838000000.0
      },
      "balance_sheet": {
        "CashAndEquivalents": 43889000000.0,
        "TotalAssets": 276054000000.0,
        "TotalLiabilities": 93417000000.0,
        "ShareholdersEquity": 182637000000.0,
        "LongTermDebt": 28826000000.0,
        "CurrentAssets": 100045000000.0,
        "CurrentLiabilities": 33596000000.0
      },
      "cash_flow": {
        "OperatingCashFlow": 27988000000.0,
        "CapEx": 14425000000.0,
        "FreeCashFlow": 13563000000.0,
        "EarningsQuality": 1.34
      }
    },
    "2024-09-30": {
      "profitability": {
        "Revenue": 40589000000.0,
        "GrossProfit": 33214000000.0,
        "OperatingIncome": 17350000000.0,
        "NetIncome": 15688000000.0
      },
      "balance_sheet": {
        "CashAndEquivalents": 43852000000.0,
        "TotalAssets": 256408000000.0,
        "TotalLiabilities": 91879000000.0,
        "ShareholdersEquity": 164529000000.0,
        "LongTermDebt": 28823000000.0,
        "CurrentAssets": 91067000000.0,
        "CurrentLiabilities": 33330000000.0
      },
      "cash_flow": {
        "OperatingCashFlow": 24724000000.0,
        "CapEx": 8258000000.0,
        "FreeCashFlow": 16466000000.0,
        "EarningsQuality": 1.58
      }
    },
    "2024-06-30": {
      "profitability": {
        "Revenue": 39071000000.0,
        "GrossProfit": 31763000000.0,
        "OperatingIncome": 14847000000.0,
        "NetIncome": 13465000000.0
      },
      "balance_sheet": {
        "CashAndEquivalents": 32045000000.0,
        "TotalAssets": 230238000000.0,
        "TotalLiabilities": 73475000000.0,
        "ShareholdersEquity": 156763000000.0,
        "LongTermDebt": 18389000000.0,
        "CurrentAssets": 76431000000.0,
        "CurrentLiabilities": 27004000000.0
      },
      "cash_flow": {
        "OperatingCashFlow": 19370000000.0,
        "CapEx": 8173000000.0,
        "FreeCashFlow": 11197000000.0,
        "EarningsQuality": 1.44
      }
    },
    "2024-03-31": {
      "profitability": {
        "Revenue": 36455000000.0,
        "GrossProfit": 29815000000.0,
        "OperatingIncome": 13818000000.0,
        "NetIncome": 12369000000.0
      },
      "balance_sheet": {
        "CashAndEquivalents": 32307000000.0,
        "TotalAssets": 222844000000.0,
        "TotalLiabilities": 73315000000.0,
        "ShareholdersEquity": 149529000000.0,
        "LongTermDebt": 18387000000.0,
        "CurrentAssets": 75330000000.0,
        "CurrentLiabilities": 28101000000.0
      },
      "cash_flow": {
        "OperatingCashFlow": 19246000000.0,
        "CapEx": 6400000000.0,
        "FreeCashFlow": 12846000000.0,
        "EarningsQuality": 1.56
      }
    },
    "2023-12-31": {
      "profitability": {
        "Revenue": 40111000000.0,
        "GrossProfit": 32416000000.0,
        "OperatingIncome": 16384000000.0,
        "NetIncome": 14017000000.0
      },
      "balance_sheet": {
        "CashAndEquivalents": 41862000000.0,
        "TotalAssets": 229623000000.0,
        "TotalLiabilities": 76455000000.0,
        "ShareholdersEquity": 153168000000.0,
        "LongTermDebt": 18385000000.0,
        "CurrentAssets": 85365000000.0,
        "CurrentLiabilities": 31960000000.0
      },
      "cash_flow": {
        "OperatingCashFlow": 19404000000.0,
        "CapEx": 7665000000.0,
        "FreeCashFlow": 11739000000.0,
        "EarningsQuality": 1.38
      }
    },
    "2023-09-30": {
      "profitability": {
        "Revenue": 34146000000.0,
        "GrossProfit": 27936000000.0,
        "OperatingIncome": 13748000000.0,
        "NetIncome": 11583000000.0
      },
      "balance_sheet": {
        "CashAndEquivalents": 36890000000.0,
        "TotalAssets": 216274000000.0,
        "TotalLiabilities": 73401000000.0,
        "ShareholdersEquity": 142873000000.0,
        "LongTermDebt": 18383000000.0,
        "CurrentAssets": 78378000000.0,
        "CurrentLiabilities": 30531000000.0
      },
      "cash_flow": {
        "OperatingCashFlow": 20402000000.0,
        "CapEx": 6543000000.0,
        "FreeCashFlow": 13859000000.0,
        "EarningsQuality": 1.76
      }
    },
    "2023-06-30": {
      "profitability": {
        "Revenue": 31999000000.0,
        "GrossProfit": 26054000000.0,
        "OperatingIncome": 9392000000.0,
        "NetIncome": 7788000000.0
      },
      "balance_sheet": {
        "CashAndEquivalents": 28785000000.0,
        "TotalAssets": 206688000000.0,
        "TotalLiabilities": 72655000000.0,
        "ShareholdersEquity": 134033000000.0,
        "LongTermDebt": 18382000000.0,
        "CurrentAssets": 69560000000.0,
        "CurrentLiabilities": 29921000000.0
      },
      "cash_flow": {
        "OperatingCashFlow": 17309000000.0,
        "CapEx": 6216000000.0,
        "FreeCashFlow": 11093000000.0,
        "EarningsQuality": 2.22
      }
    },
    "2023-03-31": {
      "profitability": {
        "Revenue": 28645000000.0,
        "GrossProfit": 22537000000.0,
        "OperatingIncome": 7227000000.0,
        "NetIncome": 5709000000.0
      },
      "balance_sheet": {
        "CashAndEquivalents": 11551000000.0,
        "TotalAssets": 184491000000.0,
        "TotalLiabilities": 59696000000.0,
        "ShareholdersEquity": 124795000000.0,
        "LongTermDebt": 9925000000.0,
        "CurrentAssets": 52483000000.0,
        "CurrentLiabilities": 25381000000.0
      },
      "cash_flow": {
        "OperatingCashFlow": 13998000000.0,
        "CapEx": 6842000000.0,
        "FreeCashFlow": 7156000000.0,
        "EarningsQuality": 2.45
      }
    }
  },
  "ratios": {
    "PE_Ratio": 28.49,
    "PEG_Ratio": 2.472,
    "PriceToBook": 10.11,
    "ProfitMargin": 0.4,
    "ReturnOnAssets": 0.185,
    "ReturnOnEquity": 0.406,
    "DividendYield": 0.0026
  }
}