{
  "company": "AAPL",
  "topic": "Profitability",
  "quarters": [
    {
      "quarter": "2023 Q4",
      "kpis": {
        "Net Income": 33916000000,
        "Net Income Average": 18600000000,
        "Operating Margin %": 0.337,
        "Operating Margin % Average": 0.227,
        "Return on Equity (ROE)": 0.457,
        "Return on Equity (ROE) Average": 0.227
      },
      "charts": {
        "Revenue & Gross Profit": {
          "metrics": {
            "Revenue": 119575000000,
            "Gross Profit": 54855000000
          }
        },
        "Revenue, Operating Income, Net Income": {
          "metrics": {
            "Revenue": 119575000000,
            "Operating Income": 40373000000,
            "Net Income": 33916000000
          }
        }
      },
      "insights": {
        "company_insights": "In Q4 2023, AAPL demonstrated strong profitability with a net income of $33.92 billion, reflecting a robust operating margin of 33.7%. The return on equity (ROE) of 45.7% indicates effective utilization of shareholders' equity, showcasing operational efficiency and strong market positioning. The revenue growth from the previous quarter signifies a positive trend in consumer demand and product sales.",
        "comparative_insights": "Compared to the average profitability metrics across peers, AAPL's operating margin and ROE significantly outperform the average, indicating superior operational efficiency and profitability management. The net income also exceeds the average, highlighting AAPL's strong market presence and effective cost management strategies."
      }
    },
    {
      "quarter": "2023 Q3",
      "kpis": {
        "Net Income": 22956000000,
        "Net Income Average": 18600000000,
        "Operating Margin %": 0.301,
        "Operating Margin % Average": 0.227,
        "Return on Equity (ROE)": 0.370,
        "Return on Equity (ROE) Average": 0.227
      },
      "charts": {
        "Revenue & Gross Profit": {
          "metrics": {
            "Revenue": 89498000000,
            "Gross Profit": 40427000000
          }
        },
        "Revenue, Operating Income, Net Income": {
          "metrics": {
            "Revenue": 89498000000,
            "Operating Income": 26969000000,
            "Net Income": 22956000000
          }
        }
      },
      "insights": {
        "company_insights": "In Q3 2023, AAPL maintained a strong profitability profile with a net income of $22.96 billion and an operating margin of 30.1%. The ROE of 37.0% reflects effective management of equity, indicating strong returns for shareholders. The revenue growth from the previous quarter suggests a consistent demand for AAPL's products.",
        "comparative_insights": "AAPL's operating margin and ROE in Q3 2023 are above the average metrics for its peers, showcasing its competitive advantage in profitability. The net income also surpasses the average, reinforcing AAPL's position as a leader in the tech industry."
      }
    },
    {
      "quarter": "2023 Q2",
      "kpis": {
        "Net Income": 19881000000,
        "Net Income Average": 18600000000,
        "Operating Margin %": 0.281,
        "Operating Margin % Average": 0.227,
        "Return on Equity (ROE)": 0.329,
        "Return on Equity (ROE) Average": 0.227
      },
      "charts": {
        "Revenue & Gross Profit": {
          "metrics": {
            "Revenue": 81797000000,
            "Gross Profit": 36413000000
          }
        },
        "Revenue, Operating Income, Net Income": {
          "metrics": {
            "Revenue": 81797000000,
            "Operating Income": 22998000000,
            "Net Income": 19881000000
          }
        }
      },
      "insights": {
        "company_insights": "In Q2 2023, AAPL reported a net income of $19.88 billion, with an operating margin of 28.1%. The ROE of 32.9% indicates strong profitability and efficient use of equity. The revenue figures suggest a solid performance in product sales, contributing to the overall profitability.",
        "comparative_insights": "AAPL's profitability metrics in Q2 2023 are above the average for its peers, particularly in terms of operating margin and ROE, indicating a strong competitive position in the market."
      }
    },
    {
      "quarter": "2023 Q1",
      "kpis": {
        "Net Income": 24160000000,
        "Net Income Average": 18600000000,
        "Operating Margin %": 0.256,
        "Operating Margin % Average": 0.227,
        "Return on Equity (ROE)": 0.389,
        "Return on Equity (ROE) Average": 0.227
      },
      "charts": {
        "Revenue & Gross Profit": {
          "metrics": {
            "Revenue": 94836000000,
            "Gross Profit": 41976000000
          }
        },
        "Revenue, Operating Income, Net Income": {
          "metrics": {
            "Revenue": 94836000000,
            "Operating Income": 28318000000,
            "Net Income": 24160000000
          }
        }
      },
      "insights": {
        "company_insights": "In Q1 2023, AAPL achieved a net income of $24.16 billion, with an operating margin of 25.6%. The ROE of 38.9% reflects strong profitability and effective equity management. The revenue performance indicates a solid demand for AAPL's products, contributing to its overall financial health.",
        "comparative_insights": "AAPL's profitability metrics in Q1 2023 are significantly above the average for its peers, particularly in terms of net income and ROE, showcasing its strong market position and operational efficiency."
      }
    },
    {
      "quarter": "2024 Q1",
      "kpis": {
        "Net Income": 23636000000,
        "Net Income Average": 18600000000,
        "Operating Margin %": 0.260,
        "Operating Margin % Average": 0.227,
        "Return on Equity (ROE)": 0.352,
        "Return on Equity (ROE) Average": 0.227
      },
      "charts": {
        "Revenue & Gross Profit": {
          "metrics": {
            "Revenue": 90753000000,
            "Gross Profit": 42271000000
          }
        },
        "Revenue, Operating Income, Net Income": {
          "metrics": {
            "Revenue": 90753000000,
            "Operating Income": 27900000000,
            "Net Income": 23636000000
          }
        }
      },
      "insights": {
        "company_insights": "In Q1 2024, AAPL reported a net income of $23.64 billion, with an operating margin of 26.0%. The ROE of 35.2% indicates effective management of equity and strong profitability. The revenue figures suggest continued demand for AAPL's products, contributing to its financial stability.",
        "comparative_insights": "AAPL's profitability metrics in Q1 2024 remain above the average for its peers, particularly in terms of net income and ROE, reinforcing its competitive advantage in the tech industry."
      }
    },
    {
      "quarter": "2024 Q2",
      "kpis": {
        "Net Income": 21448000000,
        "Net Income Average": 18600000000,
        "Operating Margin %": 0.295,
        "Operating Margin % Average": 0.227,
        "Return on Equity (ROE)": 0.321,
        "Return on Equity (ROE) Average": 0.227
      },
      "charts": {
        "Revenue & Gross Profit": {
          "metrics": {
            "Revenue": 85777000000,
            "Gross Profit": 39678000000
          }
        },
        "Revenue, Operating Income, Net Income": {
          "metrics": {
            "Revenue": 85777000000,
            "Operating Income": 25352000000,
            "Net Income": 21448000000
          }
        }
      },
      "insights": {
        "company_insights": "In Q2 2024, AAPL achieved a net income of $21.45 billion, with an operating margin of 29.5%. The ROE of 32.1% reflects strong profitability and effective equity management. The revenue performance indicates a solid demand for AAPL's products, contributing to its overall financial health.",
        "comparative_insights": "AAPL's profitability metrics in Q2 2024 are above the average for its peers, particularly in terms of operating margin and ROE, indicating a strong competitive position in the market."
      }
    },
    {
      "quarter": "2024 Q3",
      "kpis": {
        "Net Income": 14736000000,
        "Net Income Average": 18600000000,
        "Operating Margin %": 0.313,
        "Operating Margin % Average": 0.227,
        "Return on Equity (ROE)": 0.259,
        "Return on Equity (ROE) Average": 0.227
      },
      "charts": {
        "Revenue & Gross Profit": {
          "metrics": {
            "Revenue": 94930000000,
            "Gross Profit": 43879000000
          }
        },
        "Revenue, Operating Income, Net Income": {
          "metrics": {
            "Revenue": 94930000000,
            "Operating Income": 29591000000,
            "Net Income": 14736000000
          }
        }
      },
      "insights": {
        "company_insights": "In Q3 2024, AAPL reported a net income of $14.74 billion, with an operating margin of 31.3%. The ROE of 25.9% indicates effective management of equity, showcasing operational efficiency. The revenue growth from the previous quarter suggests a positive trend in consumer demand and product sales.",
        "comparative_insights": "Compared to the average profitability metrics across peers, AAPL's operating margin is above average, indicating superior operational efficiency and profitability management. However, the net income is slightly below the average, suggesting potential areas for improvement."
      }
    },
    {
      "quarter": "2024 Q4",
      "kpis": {
        "Net Income": 36330000000,
        "Net Income Average": 18600000000,
        "Operating Margin %": 0.345,
        "Operating Margin % Average": 0.227,
        "Return on Equity (ROE)": 0.545,
        "Return on Equity (ROE) Average": 0.227
      },
      "charts": {
        "Revenue & Gross Profit": {
          "metrics": {
            "Revenue": 124300000000,
            "Gross Profit": 58275000000
          }
        },
        "Revenue, Operating Income, Net Income": {
          "metrics": {
            "Revenue": 124300000000,
            "Operating Income": 42832000000,
            "Net Income": 36330000000
          }
        }
      },
      "insights": {
        "company_insights": "In Q4 2024, AAPL demonstrated exceptional profitability with a net income of $36.33 billion, reflecting a robust operating margin of 34.5%. The return on equity (ROE) of 54.5% indicates effective utilization of shareholders' equity, showcasing operational efficiency and strong market positioning. The revenue growth from the previous quarter signifies a positive trend in consumer demand and product sales.",
        "comparative_insights": "Compared to the average profitability metrics across peers, AAPL's operating margin and ROE significantly outperform the average, indicating superior operational efficiency and profitability management. The net income also exceeds the average, highlighting AAPL's strong market presence and effective cost management strategies."
      }
    }
  ]
}