{
  "company": "MSFT",
  "topic": "profitability",
  "quarters": [
    {
      "quarter": "2023-Q1",
      "kpis": {
        "Net Income": 18299000000,
        "Operating Margin %": 0.422,
        "Return on Equity (ROE)": 0.333
      },
      "charts": {
        "Revenue & Gross Profit": {
          "metrics": {
            "Revenue": 52857000000,
            "Gross Profit": 36729000000
          }
        },
        "Revenue, Operating Income, Net Income": {
          "metrics": {
            "Revenue": 52857000000,
            "Operating Income": 22352000000,
            "Net Income": 18299000000
          }
        }
      },
      "insights": "In Q1 2023, MSFT demonstrated strong profitability with a net income of $18.3 billion, reflecting a robust operating margin of 42.2%. The return on equity (ROE) stood at 33.3%, indicating effective utilization of shareholders' equity. The revenue growth trajectory is promising, with gross profit margins remaining healthy."
    },
    {
      "quarter": "2023-Q2",
      "kpis": {
        "Net Income": 20081000000,
        "Operating Margin %": 0.432,
        "Return on Equity (ROE)": 0.333
      },
      "charts": {
        "Revenue & Gross Profit": {
          "metrics": {
            "Revenue": 56189000000,
            "Gross Profit": 39394000000
          }
        },
        "Revenue, Operating Income, Net Income": {
          "metrics": {
            "Revenue": 56189000000,
            "Operating Income": 24254000000,
            "Net Income": 20081000000
          }
        }
      },
      "insights": "Q2 2023 saw an increase in net income to $20.1 billion, with an operating margin of 43.2%. This indicates improved operational efficiency and cost management. The consistent ROE of 33.3% reflects MSFT's ability to generate returns on equity effectively, maintaining investor confidence."
    },
    {
      "quarter": "2023-Q3",
      "kpis": {
        "Net Income": 22291000000,
        "Operating Margin %": 0.476,
        "Return on Equity (ROE)": 0.333
      },
      "charts": {
        "Revenue & Gross Profit": {
          "metrics": {
            "Revenue": 56517000000,
            "Gross Profit": 40215000000
          }
        },
        "Revenue, Operating Income, Net Income": {
          "metrics": {
            "Revenue": 56517000000,
            "Operating Income": 26895000000,
            "Net Income": 22291000000
          }
        }
      },
      "insights": "In Q3 2023, MSFT achieved a net income of $22.3 billion, with an impressive operating margin of 47.6%. This quarter marked a significant improvement in profitability, showcasing the company's strong market position and operational effectiveness. The stable ROE further emphasizes the company's commitment to delivering shareholder value."
    },
    {
      "quarter": "2023-Q4",
      "kpis": {
        "Net Income": 21870000000,
        "Operating Margin %": 0.436,
        "Return on Equity (ROE)": 0.333
      },
      "charts": {
        "Revenue & Gross Profit": {
          "metrics": {
            "Revenue": 62020000000,
            "Gross Profit": 42397000000
          }
        },
        "Revenue, Operating Income, Net Income": {
          "metrics": {
            "Revenue": 62020000000,
            "Operating Income": 27032000000,
            "Net Income": 21870000000
          }
        }
      },
      "insights": "Q4 2023 concluded with a net income of $21.9 billion and an operating margin of 43.6%. The slight decrease in net income compared to Q3 reflects seasonal variations, yet the overall profitability remains strong. The consistent ROE indicates that MSFT continues to effectively leverage its equity to generate profits."
    },
    {
      "quarter": "2024-Q1",
      "kpis": {
        "Net Income": 24108000000,
        "Operating Margin %": 0.456,
        "Return on Equity (ROE)": 0.333
      },
      "charts": {
        "Revenue & Gross Profit": {
          "metrics": {
            "Revenue": 69632000000,
            "Gross Profit": 47833000000
          }
        },
        "Revenue, Operating Income, Net Income": {
          "metrics": {
            "Revenue": 69632000000,
            "Operating Income": 31653000000,
            "Net Income": 24108000000
          }
        }
      },
      "insights": "In Q1 2024, MSFT reported a net income of $24.1 billion, with an operating margin of 45.6%. This reflects a strong start to the fiscal year, with revenue growth indicating robust demand for its products and services. The consistent ROE reinforces the company's ability to generate substantial returns for its shareholders."
    },
    {
      "quarter": "2024-Q2",
      "kpis": {
        "Net Income": 22036000000,
        "Operating Margin %": 0.431,
        "Return on Equity (ROE)": 0.333
      },
      "charts": {
        "Revenue & Gross Profit": {
          "metrics": {
            "Revenue": 64727000000,
            "Gross Profit": 45043000000
          }
        },
        "Revenue, Operating Income, Net Income": {
          "metrics": {
            "Revenue": 64727000000,
            "Operating Income": 27925000000,
            "Net Income": 22036000000
          }
        }
      },
      "insights": "Q2 2024 saw a net income of $22.0 billion, with an operating margin of 43.1%. The slight decrease in net income compared to Q1 reflects typical seasonal trends, yet profitability remains strong. The stable ROE indicates that MSFT continues to effectively utilize its equity to generate profits."
    },
    {
      "quarter": "2024-Q3",
      "kpis": {
        "Net Income": 24667000000,
        "Operating Margin %": 0.465,
        "Return on Equity (ROE)": 0.333
      },
      "charts": {
        "Revenue & Gross Profit": {
          "metrics": {
            "Revenue": 65585000000,
            "Gross Profit": 45486000000
          }
        },
        "Revenue, Operating Income, Net Income": {
          "metrics": {
            "Revenue": 65585000000,
            "Operating Income": 30552000000,
            "Net Income": 24667000000
          }
        }
      },
      "insights": "In Q3 2024, MSFT achieved a net income of $24.7 billion, with an operating margin of 46.5%. This quarter reflects strong operational performance and effective cost management, contributing to enhanced profitability. The consistent ROE underscores the company's commitment to delivering shareholder value."
    },
    {
      "quarter": "2024-Q4",
      "kpis": {
        "Net Income": 24108000000,
        "Operating Margin %": 0.346,
        "Return on Equity (ROE)": 0.333
      },
      "charts": {
        "Revenue & Gross Profit": {
          "metrics": {
            "Revenue": 69632000000,
            "Gross Profit": 47833000000
          }
        },
        "Revenue, Operating Income, Net Income": {
          "metrics": {
            "Revenue": 69632000000,
            "Operating Income": 31653000000,
            "Net Income": 24108000000
          }
        }
      },
      "insights": "Q4 2024 concluded with a net income of $24.1 billion and an operating margin of 34.6%. The decrease in operating margin compared to Q3 reflects seasonal variations, yet the overall profitability remains strong. The consistent ROE indicates that MSFT continues to effectively leverage its equity to generate profits."
    }
  ]
}