{
  "company_info": {
    "symbol": "ABT",
    "name": "Abbott Laboratories",
    "cik": "1800",
    "exchange": "NYSE",
    "sector": "LIFE SCIENCES",
    "industry": "PHARMACEUTICAL PREPARATIONS",
    "fiscal_year_end": "December",
    "country": "USA",
    "market_cap": "229305614000"
  },
  "annual": {
    "2024": {
      "profitability": {
        "Revenue": 41950000000.0,
        "GrossProfit": 21325000000.0,
        "OperatingIncome": 6851000000.0,
        "NetIncome": 13402000000.0
      },
      "balance_sheet": {
        "CashAndEquivalents": 7616000000.0,
        "TotalAssets": 81414000000.0,
        "TotalLiabilities": 33513000000.0,
        "ShareholdersEquity": 47664000000.0,
        "LongTermDebt": 12625000000.0,
        "CurrentAssets": 23656000000.0,
        "CurrentLiabilities": 14157000000.0
      },
      "cash_flow": {
        "OperatingCashFlow": 8558000000.0,
        "CapEx": 2207000000.0,
        "FreeCashFlow": 6351000000.0,
        "EarningsQuality": 0.64
      }
    },
    "2023": {
      "profitability": {
        "Revenue": 40109000000.0,
        "GrossProfit": 20037000000.0,
        "OperatingIncome": 6435000000.0,
        "NetIncome": 5723000000.0
      },
      "balance_sheet": {
        "CashAndEquivalents": 6896000000.0,
        "TotalAssets": 73214000000.0,
        "TotalLiabilities": 34387000000.0,
        "ShareholdersEquity": 38603000000.0,
        "LongTermDebt": 13599000000.0,
        "CurrentAssets": 22670000000.0,
        "CurrentLiabilities": 13841000000.0
      },
      "cash_flow": {
        "OperatingCashFlow": 7261000000.0,
        "CapEx": 2202000000.0,
        "FreeCashFlow": 5059000000.0,
        "EarningsQuality": 1.27
      }
    }
  },
  "quarterly": {
    "2025-06-30": {
      "profitability": {
        "Revenue": 11142000000.0,
        "GrossProfit": 6344000000.0,
        "OperatingIncome": 2099000000.0,
        "NetIncome": 1779000000.0
      },
      "balance_sheet": {
        "CashAndEquivalents": 6951000000.0,
        "TotalAssets": 83999000000.0,
        "TotalLiabilities": 33170000000.0,
        "ShareholdersEquity": 50565000000.0,
        "LongTermDebt": 12930000000.0,
        "CurrentAssets": 24468000000.0,
        "CurrentLiabilities": 13439000000.0
      },
      "cash_flow": {
        "OperatingCashFlow": 3464000000.0,
        "CapEx": 986000000.0,
        "FreeCashFlow": 2478000000.0,
        "EarningsQuality": 1.95
      }
    },
    "2025-03-31": {
      "profitability": {
        "Revenue": 10358000000.0,
        "GrossProfit": 5444000000.0,
        "OperatingIncome": 1688000000.0,
        "NetIncome": 1325000000.0
      },
      "balance_sheet": {
        "CashAndEquivalents": 6532000000.0,
        "TotalAssets": 81448000000.0,
        "TotalLiabilities": 32384000000.0,
        "ShareholdersEquity": 48811000000.0,
        "LongTermDebt": 12736000000.0,
        "CurrentAssets": 23153000000.0,
        "CurrentLiabilities": 13004000000.0
      },
      "cash_flow": {
        "OperatingCashFlow": 1417000000.0,
        "CapEx": 484000000.0,
        "FreeCashFlow": 933000000.0,
        "EarningsQuality": 1.07
      }
    },
    "2024-12-31": {
      "profitability": {
        "Revenue": 10974000000.0,
        "GrossProfit": 5598000000.0,
        "OperatingIncome": 1990000000.0,
        "NetIncome": 9229000000.0
      },
      "balance_sheet": {
        "CashAndEquivalents": 7616000000.0,
        "TotalAssets": 81414000000.0,
        "TotalLiabilities": 33513000000.0,
        "ShareholdersEquity": 47664000000.0,
        "LongTermDebt": 12625000000.0,
        "CurrentAssets": 23656000000.0,
        "CurrentLiabilities": 14157000000.0
      },
      "cash_flow": {
        "OperatingCashFlow": 2868000000.0,
        "CapEx": 720000000.0,
        "FreeCashFlow": 2148000000.0,
        "EarningsQuality": 0.31
      }
    },
    "2024-09-30": {
      "profitability": {
        "Revenue": 10635000000.0,
        "GrossProfit": 5426000000.0,
        "OperatingIncome": 1818000000.0,
        "NetIncome": 1646000000.0
      },
      "balance_sheet": {
        "CashAndEquivalents": 7558000000.0,
        "TotalAssets": 74356000000.0,
        "TotalLiabilities": 34328000000.0,
        "ShareholdersEquity": 39796000000.0,
        "LongTermDebt": 12825000000.0,
        "CurrentAssets": 23802000000.0,
        "CurrentLiabilities": 14902000000.0
      },
      "cash_flow": {
        "OperatingCashFlow": 2705000000.0,
        "CapEx": 556000000.0,
        "FreeCashFlow": 2149000000.0,
        "EarningsQuality": 1.64
      }
    },
    "2024-06-30": {
      "profitability": {
        "Revenue": 10377000000.0,
        "GrossProfit": 5305000000.0,
        "OperatingIncome": 1686000000.0,
        "NetIncome": 1302000000.0
      },
      "balance_sheet": {
        "CashAndEquivalents": 6987000000.0,
        "TotalAssets": 73017000000.0,
        "TotalLiabilities": 33457000000.0,
        "ShareholdersEquity": 39318000000.0,
        "LongTermDebt": 13139000000.0,
        "CurrentAssets": 23119000000.0,
        "CurrentLiabilities": 13760000000.0
      },
      "cash_flow": {
        "OperatingCashFlow": 1960000000.0,
        "CapEx": 533000000.0,
        "FreeCashFlow": 1427000000.0,
        "EarningsQuality": 1.51
      }
    },
    "2024-03-31": {
      "profitability": {
        "Revenue": 9964000000.0,
        "GrossProfit": 5022000000.0,
        "OperatingIncome": 1385000000.0,
        "NetIncome": 1225000000.0
      },
      "balance_sheet": {
        "CashAndEquivalents": 6284000000.0,
        "TotalAssets": 72467000000.0,
        "TotalLiabilities": 33424000000.0,
        "ShareholdersEquity": 38810000000.0,
        "LongTermDebt": 12576000000.0,
        "CurrentAssets": 22376000000.0,
        "CurrentLiabilities": 14021000000.0
      },
      "cash_flow": {
        "OperatingCashFlow": 1025000000.0,
        "CapEx": 398000000.0,
        "FreeCashFlow": 627000000.0,
        "EarningsQuality": 0.84
      }
    },
    "2023-12-31": {
      "profitability": {
        "Revenue": 10241000000.0,
        "GrossProfit": 5258000000.0,
        "OperatingIncome": 1864000000.0,
        "NetIncome": 1594000000.0
      },
      "balance_sheet": {
        "CashAndEquivalents": 6896000000.0,
        "TotalAssets": 73214000000.0,
        "TotalLiabilities": 34387000000.0,
        "ShareholdersEquity": 38603000000.0,
        "LongTermDebt": 13599000000.0,
        "CurrentAssets": 22670000000.0,
        "CurrentLiabilities": 13841000000.0
      },
      "cash_flow": {
        "OperatingCashFlow": 3038000000.0,
        "CapEx": 755000000.0,
        "FreeCashFlow": 2283000000.0,
        "EarningsQuality": 1.91
      }
    },
    "2023-09-30": {
      "profitability": {
        "Revenue": 10143000000.0,
        "GrossProfit": 5034000000.0,
        "OperatingIncome": 1678000000.0,
        "NetIncome": 1436000000.0
      },
      "balance_sheet": {
        "CashAndEquivalents": 6709000000.0,
        "TotalAssets": 72090000000.0,
        "TotalLiabilities": 34396000000.0,
        "ShareholdersEquity": 37481000000.0,
        "LongTermDebt": 14477000000.0,
        "CurrentAssets": 22664000000.0,
        "CurrentLiabilities": 13042000000.0
      },
      "cash_flow": {
        "OperatingCashFlow": 1877000000.0,
        "CapEx": 560000000.0,
        "FreeCashFlow": 1317000000.0,
        "EarningsQuality": 1.31
      }
    },
    "2023-06-30": {
      "profitability": {
        "Revenue": 9978000000.0,
        "GrossProfit": 4945000000.0,
        "OperatingIncome": 1511000000.0,
        "NetIncome": 1375000000.0
      },
      "balance_sheet": {
        "CashAndEquivalents": 7835000000.0,
        "TotalAssets": 73354000000.0,
        "TotalLiabilities": 35950000000.0,
        "ShareholdersEquity": 37174000000.0,
        "LongTermDebt": 14562000000.0,
        "CurrentAssets": 23505000000.0,
        "CurrentLiabilities": 14350000000.0
      },
      "cash_flow": {
        "OperatingCashFlow": 1203000000.0,
        "CapEx": 507000000.0,
        "FreeCashFlow": 696000000.0,
        "EarningsQuality": 0.87
      }
    },
    "2023-03-31": {
      "profitability": {
        "Revenue": 9747000000.0,
        "GrossProfit": 4805000000.0,
        "OperatingIncome": 1400000000.0,
        "NetIncome": 1318000000.0
      },
      "balance_sheet": {
        "CashAndEquivalents": 9882000000.0,
        "TotalAssets": 73794000000.0,
        "TotalLiabilities": 36562000000.0,
        "ShareholdersEquity": 74219000000.0,
        "LongTermDebt": 14615000000.0,
        "CurrentAssets": 25224000000.0,
        "CurrentLiabilities": 15489000000.0
      },
      "cash_flow": {
        "OperatingCashFlow": 1143000000.0,
        "CapEx": 380000000.0,
        "FreeCashFlow": 763000000.0,
        "EarningsQuality": 0.87
      }
    }
  },
  "ratios": {
    "PE_Ratio": 16.53,
    "PEG_Ratio": 4.168,
    "PriceToBook": 4.535,
    "ProfitMargin": 0.324,
    "ReturnOnAssets": 0.0662,
    "ReturnOnEquity": 0.309,
    "DividendYield": 0.0179
  }
}