{
  "company_info": {
    "symbol": "CVS",
    "name": "CVS Health Corp",
    "cik": "64803",
    "exchange": "NYSE",
    "sector": "TRADE & SERVICES",
    "industry": "RETAIL-DRUG STORES AND PROPRIETARY STORES",
    "fiscal_year_end": "December",
    "country": "USA",
    "market_cap": "87007437000"
  },
  "annual": {
    "2024": {
      "profitability": {
        "Revenue": 372809000000.0,
        "GrossProfit": 51401000000.0,
        "OperatingIncome": 8516000000.0,
        "NetIncome": 4614000000.0
      },
      "balance_sheet": {
        "CashAndEquivalents": 8586000000.0,
        "TotalAssets": 253215000000.0,
        "TotalLiabilities": 177485000000.0,
        "ShareholdersEquity": 75560000000.0,
        "LongTermDebt": 60527000000.0,
        "CurrentAssets": 68645000000.0,
        "CurrentLiabilities": 84609000000.0
      },
      "cash_flow": {
        "OperatingCashFlow": 9107000000.0,
        "CapEx": 2781000000.0,
        "FreeCashFlow": 6326000000.0,
        "EarningsQuality": 1.97
      }
    },
    "2023": {
      "profitability": {
        "Revenue": 357776000000.0,
        "GrossProfit": 54431000000.0,
        "OperatingIncome": 13743000000.0,
        "NetIncome": 8344000000.0
      },
      "balance_sheet": {
        "CashAndEquivalents": 8196000000.0,
        "TotalAssets": 249728000000.0,
        "TotalLiabilities": 173092000000.0,
        "ShareholdersEquity": 76461000000.0,
        "LongTermDebt": 58638000000.0,
        "CurrentAssets": 67858000000.0,
        "CurrentLiabilities": 79189000000.0
      },
      "cash_flow": {
        "OperatingCashFlow": 13426000000.0,
        "CapEx": 3031000000.0,
        "FreeCashFlow": 10395000000.0,
        "EarningsQuality": 1.61
      }
    }
  },
  "quarterly": {
    "2025-06-30": {
      "profitability": {
        "Revenue": 98915000000.0,
        "GrossProfit": 13593000000.0,
        "OperatingIncome": 2381000000.0,
        "NetIncome": 1021000000.0
      },
      "balance_sheet": {
        "CashAndEquivalents": 11787000000.0,
        "TotalAssets": 258343000000.0,
        "TotalLiabilities": 180792000000.0,
        "ShareholdersEquity": 77379000000.0,
        "LongTermDebt": 57290000000.0,
        "CurrentAssets": 75649000000.0,
        "CurrentLiabilities": 94162000000.0
      },
      "cash_flow": {
        "OperatingCashFlow": 1897000000.0,
        "CapEx": 607000000.0,
        "FreeCashFlow": 1290000000.0,
        "EarningsQuality": 1.86
      }
    },
    "2025-03-31": {
      "profitability": {
        "Revenue": 94588000000.0,
        "GrossProfit": 14396000000.0,
        "OperatingIncome": 3374000000.0,
        "NetIncome": 1779000000.0
      },
      "balance_sheet": {
        "CashAndEquivalents": 10076000000.0,
        "TotalAssets": 255585000000.0,
        "TotalLiabilities": 178475000000.0,
        "ShareholdersEquity": 76929000000.0,
        "LongTermDebt": 59040000000.0,
        "CurrentAssets": 73191000000.0,
        "CurrentLiabilities": 88961000000.0
      },
      "cash_flow": {
        "OperatingCashFlow": 4556000000.0,
        "CapEx": 743000000.0,
        "FreeCashFlow": 3813000000.0,
        "EarningsQuality": 2.56
      }
    },
    "2024-12-31": {
      "profitability": {
        "Revenue": 97710000000.0,
        "GrossProfit": 12899000000.0,
        "OperatingIncome": 2368000000.0,
        "NetIncome": 1644000000.0
      },
      "balance_sheet": {
        "CashAndEquivalents": 8586000000.0,
        "TotalAssets": 253215000000.0,
        "TotalLiabilities": 177485000000.0,
        "ShareholdersEquity": 75560000000.0,
        "LongTermDebt": 60527000000.0,
        "CurrentAssets": 68645000000.0,
        "CurrentLiabilities": 84609000000.0
      },
      "cash_flow": {
        "OperatingCashFlow": 1860000000.0,
        "CapEx": 768000000.0,
        "FreeCashFlow": 1092000000.0,
        "EarningsQuality": 1.13
      }
    },
    "2024-09-30": {
      "profitability": {
        "Revenue": 95428000000.0,
        "GrossProfit": 12558000000.0,
        "OperatingIncome": 832000000.0,
        "NetIncome": 87000000.0
      },
      "balance_sheet": {
        "CashAndEquivalents": 6875000000.0,
        "TotalAssets": 252427000000.0,
        "TotalLiabilities": 177321000000.0,
        "ShareholdersEquity": 74944000000.0,
        "LongTermDebt": 59824000000.0,
        "CurrentAssets": 67343000000.0,
        "CurrentLiabilities": 84627000000.0
      },
      "cash_flow": {
        "OperatingCashFlow": -745000000.0,
        "CapEx": 670000000.0,
        "FreeCashFlow": -1415000000.0,
        "EarningsQuality": -8.56
      }
    },
    "2024-06-30": {
      "profitability": {
        "Revenue": 91234000000.0,
        "GrossProfit": 13383000000.0,
        "OperatingIncome": 3045000000.0,
        "NetIncome": 1770000000.0
      },
      "balance_sheet": {
        "CashAndEquivalents": 12507000000.0,
        "TotalAssets": 252481000000.0,
        "TotalLiabilities": 177370000000.0,
        "ShareholdersEquity": 74930000000.0,
        "LongTermDebt": 62643000000.0,
        "CurrentAssets": 69952000000.0,
        "CurrentLiabilities": 81386000000.0
      },
      "cash_flow": {
        "OperatingCashFlow": 3089000000.0,
        "CapEx": 638000000.0,
        "FreeCashFlow": 2451000000.0,
        "EarningsQuality": 1.75
      }
    },
    "2024-03-31": {
      "profitability": {
        "Revenue": 88437000000.0,
        "GrossProfit": 12561000000.0,
        "OperatingIncome": 2271000000.0,
        "NetIncome": 1113000000.0
      },
      "balance_sheet": {
        "CashAndEquivalents": 9801000000.0,
        "TotalAssets": 249743000000.0,
        "TotalLiabilities": 175593000000.0,
        "ShareholdersEquity": 73968000000.0,
        "LongTermDebt": 57694000000.0,
        "CurrentAssets": 67473000000.0,
        "CurrentLiabilities": 83319000000.0
      },
      "cash_flow": {
        "OperatingCashFlow": 4903000000.0,
        "CapEx": 705000000.0,
        "FreeCashFlow": 4198000000.0,
        "EarningsQuality": 4.41
      }
    },
    "2023-12-31": {
      "profitability": {
        "Revenue": 93813000000.0,
        "GrossProfit": 13876000000.0,
        "OperatingIncome": 3373000000.0,
        "NetIncome": 2046000000.0
      },
      "balance_sheet": {
        "CashAndEquivalents": 8196000000.0,
        "TotalAssets": 249728000000.0,
        "TotalLiabilities": 173092000000.0,
        "ShareholdersEquity": 76461000000.0,
        "LongTermDebt": 58638000000.0,
        "CurrentAssets": 67858000000.0,
        "CurrentLiabilities": 79189000000.0
      },
      "cash_flow": {
        "OperatingCashFlow": -2636000000.0,
        "CapEx": 911000000.0,
        "FreeCashFlow": -3547000000.0,
        "EarningsQuality": -1.29
      }
    },
    "2023-09-30": {
      "profitability": {
        "Revenue": 89764000000.0,
        "GrossProfit": 13577000000.0,
        "OperatingIncome": 3690000000.0,
        "NetIncome": 2261000000.0
      },
      "balance_sheet": {
        "CashAndEquivalents": 13043000000.0,
        "TotalAssets": 251306000000.0,
        "TotalLiabilities": 176796000000.0,
        "ShareholdersEquity": 74337000000.0,
        "LongTermDebt": 59782000000.0,
        "CurrentAssets": 70143000000.0,
        "CurrentLiabilities": 81553000000.0
      },
      "cash_flow": {
        "OperatingCashFlow": 2716000000.0,
        "CapEx": 545000000.0,
        "FreeCashFlow": 2171000000.0,
        "EarningsQuality": 1.2
      }
    },
    "2023-06-30": {
      "profitability": {
        "Revenue": 88921000000.0,
        "GrossProfit": 13603000000.0,
        "OperatingIncome": 3234000000.0,
        "NetIncome": 1901000000.0
      },
      "balance_sheet": {
        "CashAndEquivalents": 13807000000.0,
        "TotalAssets": 250071000000.0,
        "TotalLiabilities": 177069000000.0,
        "ShareholdersEquity": 72726000000.0,
        "LongTermDebt": 61419000000.0,
        "CurrentAssets": 67756000000.0,
        "CurrentLiabilities": 79206000000.0
      },
      "cash_flow": {
        "OperatingCashFlow": 5908000000.0,
        "CapEx": 591000000.0,
        "FreeCashFlow": 5317000000.0,
        "EarningsQuality": 3.11
      }
    },
    "2023-03-31": {
      "profitability": {
        "Revenue": 85278000000.0,
        "GrossProfit": 13375000000.0,
        "OperatingIncome": 3446000000.0,
        "NetIncome": 2136000000.0
      },
      "balance_sheet": {
        "CashAndEquivalents": 14618000000.0,
        "TotalAssets": 239330000000.0,
        "TotalLiabilities": 167750000000.0,
        "ShareholdersEquity": 71382000000.0,
        "LongTermDebt": 56450000000.0,
        "CurrentAssets": 68706000000.0,
        "CurrentLiabilities": 75054000000.0
      },
      "cash_flow": {
        "OperatingCashFlow": 7438000000.0,
        "CapEx": 984000000.0,
        "FreeCashFlow": 6454000000.0,
        "EarningsQuality": 3.48
      }
    }
  },
  "ratios": {
    "PE_Ratio": 19.11,
    "PEG_Ratio": 0.707,
    "PriceToBook": 1.124,
    "ProfitMargin": 0.0118,
    "ReturnOnAssets": 0.0229,
    "ReturnOnEquity": 0.0588,
    "DividendYield": 0.0399
  }
}