{
  "company_info": {
    "symbol": "PFE",
    "name": "Pfizer Inc",
    "cik": "78003",
    "exchange": "NYSE",
    "sector": "LIFE SCIENCES",
    "industry": "PHARMACEUTICAL PREPARATIONS",
    "fiscal_year_end": "December",
    "country": "USA",
    "market_cap": "142934721000"
  },
  "annual": {
    "2024": {
      "profitability": {
        "Revenue": 63627000000.0,
        "GrossProfit": 41846000000.0,
        "OperatingIncome": 16483000000.0,
        "NetIncome": 8020000000.0
      },
      "balance_sheet": {
        "CashAndEquivalents": 1043000000.0,
        "TotalAssets": 213396000000.0,
        "TotalLiabilities": 124899000000.0,
        "ShareholdersEquity": 88203000000.0,
        "LongTermDebt": 56703000000.0,
        "CurrentAssets": 50358000000.0,
        "CurrentLiabilities": 42995000000.0
      },
      "cash_flow": {
        "OperatingCashFlow": 12744000000.0,
        "CapEx": 2909000000.0,
        "FreeCashFlow": 9835000000.0,
        "EarningsQuality": 1.59
      }
    },
    "2023": {
      "profitability": {
        "Revenue": 59553000000.0,
        "GrossProfit": 30340000000.0,
        "OperatingIncome": 5292000000.0,
        "NetIncome": 2133000000.0
      },
      "balance_sheet": {
        "CashAndEquivalents": 2853000000.0,
        "TotalAssets": 226501000000.0,
        "TotalLiabilities": 137213000000.0,
        "ShareholdersEquity": 89014000000.0,
        "LongTermDebt": 60499000000.0,
        "CurrentAssets": 43333000000.0,
        "CurrentLiabilities": 47794000000.0
      },
      "cash_flow": {
        "OperatingCashFlow": 8700000000.0,
        "CapEx": 3907000000.0,
        "FreeCashFlow": 4793000000.0,
        "EarningsQuality": 4.08
      }
    }
  },
  "quarterly": {
    "2025-06-30": {
      "profitability": {
        "Revenue": 14653000000.0,
        "GrossProfit": 9420000000.0,
        "OperatingIncome": 3575000000.0,
        "NetIncome": 2885000000.0
      },
      "balance_sheet": {
        "CashAndEquivalents": 1638000000.0,
        "TotalAssets": 206095000000.0,
        "TotalLiabilities": 117083000000.0,
        "ShareholdersEquity": 88695000000.0,
        "LongTermDebt": 56630000000.0,
        "CurrentAssets": 43703000000.0,
        "CurrentLiabilities": 37726000000.0
      },
      "cash_flow": {
        "OperatingCashFlow": -582000000.0,
        "CapEx": 618000000.0,
        "FreeCashFlow": -1200000000.0,
        "EarningsQuality": -0.2
      }
    },
    "2025-03-31": {
      "profitability": {
        "Revenue": 13715000000.0,
        "GrossProfit": 9827000000.0,
        "OperatingIncome": 4624000000.0,
        "NetIncome": 2967000000.0
      },
      "balance_sheet": {
        "CashAndEquivalents": 1430000000.0,
        "TotalAssets": 208028000000.0,
        "TotalLiabilities": 117391000000.0,
        "ShareholdersEquity": 90338000000.0,
        "LongTermDebt": 56820000000.0,
        "CurrentAssets": 45861000000.0,
        "CurrentLiabilities": 36452000000.0
      },
      "cash_flow": {
        "OperatingCashFlow": 2335000000.0,
        "CapEx": 564000000.0,
        "FreeCashFlow": 1771000000.0,
        "EarningsQuality": 0.79
      }
    },
    "2024-12-31": {
      "profitability": {
        "Revenue": 17763000000.0,
        "GrossProfit": 12968000000.0,
        "OperatingIncome": 5725000000.0,
        "NetIncome": 403000000.0
      },
      "balance_sheet": {
        "CashAndEquivalents": 1043000000.0,
        "TotalAssets": 213396000000.0,
        "TotalLiabilities": 124899000000.0,
        "ShareholdersEquity": 88203000000.0,
        "LongTermDebt": 56703000000.0,
        "CurrentAssets": 50358000000.0,
        "CurrentLiabilities": 42995000000.0
      },
      "cash_flow": {
        "OperatingCashFlow": 6721000000.0,
        "CapEx": 917000000.0,
        "FreeCashFlow": 5804000000.0,
        "EarningsQuality": 16.68
      }
    },
    "2024-09-30": {
      "profitability": {
        "Revenue": 17702000000.0,
        "GrossProfit": 10771000000.0,
        "OperatingIncome": 4968000000.0,
        "NetIncome": 4473000000.0
      },
      "balance_sheet": {
        "CashAndEquivalents": 1092000000.0,
        "TotalAssets": 219476000000.0,
        "TotalLiabilities": 126918000000.0,
        "ShareholdersEquity": 92286000000.0,
        "LongTermDebt": 56918000000.0,
        "CurrentAssets": 43223000000.0,
        "CurrentLiabilities": 43211000000.0
      },
      "cash_flow": {
        "OperatingCashFlow": 6714000000.0,
        "CapEx": 651000000.0,
        "FreeCashFlow": 6063000000.0,
        "EarningsQuality": 1.5
      }
    },
    "2024-06-30": {
      "profitability": {
        "Revenue": 13283000000.0,
        "GrossProfit": 8243000000.0,
        "OperatingIncome": 1879000000.0,
        "NetIncome": 24000000.0
      },
      "balance_sheet": {
        "CashAndEquivalents": 1052000000.0,
        "TotalAssets": 216193000000.0,
        "TotalLiabilities": 128218000000.0,
        "ShareholdersEquity": 87700000000.0,
        "LongTermDebt": 56733000000.0,
        "CurrentAssets": 37825000000.0,
        "CurrentLiabilities": 43819000000.0
      },
      "cash_flow": {
        "OperatingCashFlow": -1781000000.0,
        "CapEx": 637000000.0,
        "FreeCashFlow": -2418000000.0,
        "EarningsQuality": -74.21
      }
    },
    "2024-03-31": {
      "profitability": {
        "Revenue": 14879000000.0,
        "GrossProfit": 10498000000.0,
        "OperatingIncome": 4559000000.0,
        "NetIncome": 3120000000.0
      },
      "balance_sheet": {
        "CashAndEquivalents": 719000000.0,
        "TotalAssets": 221095000000.0,
        "TotalLiabilities": 128536000000.0,
        "ShareholdersEquity": 92282000000.0,
        "LongTermDebt": 60951000000.0,
        "CurrentAssets": 42415000000.0,
        "CurrentLiabilities": 40497000000.0
      },
      "cash_flow": {
        "OperatingCashFlow": 1090000000.0,
        "CapEx": 704000000.0,
        "FreeCashFlow": 386000000.0,
        "EarningsQuality": 0.35
      }
    },
    "2023-12-31": {
      "profitability": {
        "Revenue": 14570000000.0,
        "GrossProfit": 5980000000.0,
        "OperatingIncome": -1263000000.0,
        "NetIncome": -3343000000.0
      },
      "balance_sheet": {
        "CashAndEquivalents": 2853000000.0,
        "TotalAssets": 226501000000.0,
        "TotalLiabilities": 137213000000.0,
        "ShareholdersEquity": 89014000000.0,
        "LongTermDebt": 60982000000.0,
        "CurrentAssets": 43333000000.0,
        "CurrentLiabilities": 47794000000.0
      },
      "cash_flow": {
        "OperatingCashFlow": 5240000000.0,
        "CapEx": 1044000000.0,
        "FreeCashFlow": 4196000000.0,
        "EarningsQuality": -1.57
      }
    },
    "2023-09-30": {
      "profitability": {
        "Revenue": 13491000000.0,
        "GrossProfit": 2888000000.0,
        "OperatingIncome": -3006000000.0,
        "NetIncome": -2394000000.0
      },
      "balance_sheet": {
        "CashAndEquivalents": 3148000000.0,
        "TotalAssets": 215021000000.0,
        "TotalLiabilities": 117817000000.0,
        "ShareholdersEquity": 96934000000.0,
        "LongTermDebt": 61048000000.0,
        "CurrentAssets": 74012000000.0,
        "CurrentLiabilities": 31136000000.0
      },
      "cash_flow": {
        "OperatingCashFlow": 3456000000.0,
        "CapEx": 810000000.0,
        "FreeCashFlow": 2646000000.0,
        "EarningsQuality": -1.44
      }
    },
    "2023-06-30": {
      "profitability": {
        "Revenue": 12734000000.0,
        "GrossProfit": 9497000000.0,
        "OperatingIncome": 2269000000.0,
        "NetIncome": 2327000000.0
      },
      "balance_sheet": {
        "CashAndEquivalents": 2632000000.0,
        "TotalAssets": 220168000000.0,
        "TotalLiabilities": 120875000000.0,
        "ShareholdersEquity": 99019000000.0,
        "LongTermDebt": 61356000000.0,
        "CurrentAssets": 73347000000.0,
        "CurrentLiabilities": 34647000000.0
      },
      "cash_flow": {
        "OperatingCashFlow": -1208000000.0,
        "CapEx": 914000000.0,
        "FreeCashFlow": -2122000000.0,
        "EarningsQuality": -0.52
      }
    },
    "2023-03-31": {
      "profitability": {
        "Revenue": 18486000000.0,
        "GrossProfit": 12536000000.0,
        "OperatingIncome": 6685000000.0,
        "NetIncome": 5542000000.0
      },
      "balance_sheet": {
        "CashAndEquivalents": 2166000000.0,
        "TotalAssets": 195617000000.0,
        "TotalLiabilities": 94381000000.0,
        "ShareholdersEquity": 100971000000.0,
        "LongTermDebt": 31704000000.0,
        "CurrentAssets": 50078000000.0,
        "CurrentLiabilities": 36562000000.0
      },
      "cash_flow": {
        "OperatingCashFlow": 1212000000.0,
        "CapEx": 1139000000.0,
        "FreeCashFlow": 73000000.0,
        "EarningsQuality": 0.22
      }
    }
  },
  "ratios": {
    "PE_Ratio": 13.3,
    "PEG_Ratio": 0.858,
    "PriceToBook": 1.611,
    "ProfitMargin": 0.168,
    "ReturnOnAssets": 0.0525,
    "ReturnOnEquity": 0.122,
    "DividendYield": 0.0677
  }
}